{
  "leader": "03390cam a2200445 a 4500",
  "fields": [
    {
      "001": "ocm00112449\\"
    },
    {
      "003": "OCoLC"
    },
    {
      "005": "20220106162652.0"
    },
    {
      "008": "701012s1970\\\\\\\\dcuab\\\\\\\\b\\\\\\f001\\0\\eng\\\\"
    },
    {
      "010": {
        "ind1": "\\",
        "ind2": "\\",
        "subfields": [
          {
            "a": "   70607944 "
          }
        ]
      }
    },
    {
      "040": {
        "ind1": "\\",
        "ind2": "\\",
        "subfields": [
          {
            "a": "DLC"
          },
          {
            "b": "eng"
          },
          {
            "c": "DLC"
          },
          {
            "d": "BTCTA"
          },
          {
            "d": "IUL"
          },
          {
            "d": "ORE"
          },
          {
            "d": "DPL"
          },
          {
            "d": "N8E"
          },
          {
            "d": "OCLCF"
          },
          {
            "d": "OCLCQ"
          },
          {
            "d": "VVC"
          },
          {
            "d": "OCL"
          },
          {
            "d": "Y42"
          },
          {
            "d": "CSO"
          },
          {
            "d": "COF"
          },
          {
            "d": "LSD"
          },
          {
            "d": "CSF"
          },
          {
            "d": "ZAS"
          },
          {
            "d": "OCLCQ"
          },
          {
            "d": "CSA"
          },
          {
            "d": "SFR"
          },
          {
            "d": "OCLCQ"
          }
        ]
      }
    },
    {
      "019": {
        "ind1": "\\",
        "ind2": "\\",
        "subfields": [
          {
            "a": "962863583"
          },
          {
            "a": "964622417"
          },
          {
            "a": "970988026"
          },
          {
            "a": "994382077"
          },
          {
            "a": "1001892102"
          },
          {
            "a": "1188981634"
          },
          {
            "a": "1201849933"
          },
          {
            "a": "1201882507"
          }
        ]
      }
    },
    {
      "035": {
        "ind1": "\\",
        "ind2": "\\",
        "subfields": [
          {
            "a": "(OCoLC)112449"
          },
          {
            "z": "(OCoLC)962863583"
          },
          {
            "z": "(OCoLC)964622417"
          },
          {
            "z": "(OCoLC)970988026"
          },
          {
            "z": "(OCoLC)994382077"
          },
          {
            "z": "(OCoLC)1001892102"
          },
          {
            "z": "(OCoLC)1188981634"
          },
          {
            "z": "(OCoLC)1201849933"
          },
          {
            "z": "(OCoLC)1201882507"
          }
        ]
      }
    },
    {
      "043": {
        "ind1": "\\",
        "ind2": "\\",
        "subfields": [
          {
            "a": "n-us---"
          }
        ]
      }
    },
    {
      "050": {
        "ind1": "0",
        "ind2": "0",
        "subfields": [
          {
            "a": "KF5601.A55"
          },
          {
            "b": "P8"
          }
        ]
      }
    },
    {
      "074": {
        "ind1": "\\",
        "ind2": "\\",
        "subfields": [
          {
            "a": "1089"
          }
        ]
      }
    },
    {
      "082": {
        "ind1": "0",
        "ind2": "0",
        "subfields": [
          {
            "a": "333.10973"
          },
          {
            "b": "UNI"
          }
        ]
      }
    },
    {
      "110": {
        "ind1": "1",
        "ind2": "\\",
        "subfields": [
          {
            "a": "United States."
          },
          {
            "b": "Public Land Law Review Commission."
          }
        ]
      }
    },
    {
      "245": {
        "ind1": "1",
        "ind2": "0",
        "subfields": [
          {
            "a": "One third of the Nation's land :"
          },
          {
            "b": "a report to the President and to the Congress /"
          },
          {
            "c": "by the Public Land Law Review Commission."
          }
        ]
      }
    },
    {
      "260": {
        "ind1": "\\",
        "ind2": "\\",
        "subfields": [
          {
            "a": "Washington :"
          },
          {
            "b": "[For sale by the Supt. of Docs., U.S. Govt. Print. Off.],"
          },
          {
            "c": "1970."
          }
        ]
      }
    },
    {
      "300": {
        "ind1": "\\",
        "ind2": "\\",
        "subfields": [
          {
            "a": "xiii, 342 pages :"
          },
          {
            "b": "illustrations (some color), color map (1 folded inserted) ;"
          },
          {
            "c": "27 cm"
          }
        ]
      }
    },
    {
      "336": {
        "ind1": "\\",
        "ind2": "\\",
        "subfields": [
          {
            "a": "text"
          },
          {
            "b": "txt"
          },
          {
            "2": "rdacontent"
          }
        ]
      }
    },
    {
      "337": {
        "ind1": "\\",
        "ind2": "\\",
        "subfields": [
          {
            "a": "unmediated"
          },
          {
            "b": "n"
          },
          {
            "2": "rdamedia"
          }
        ]
      }
    },
    {
      "338": {
        "ind1": "\\",
        "ind2": "\\",
        "subfields": [
          {
            "a": "volume"
          },
          {
            "b": "nc"
          },
          {
            "2": "rdacarrier"
          }
        ]
      }
    },
    {
      "505": {
        "ind1": "2",
        "ind2": "\\",
        "subfields": [
          {
            "a": "Summary -- Where and what are public lands? -- To whom the public lands are important -- Planning future public land use -- Public land policy and the environment -- Timber resources -- Range resources -- Mineral resources -- Water resources -- Fish and wildlife resources -- Intensive agriculture -- The Outer Continental Shelf -- Outdoor recreation -- Occupancy uses -- -Tax immunity -- Land grants to states -- Administrative procedures -- Trespass and disputed title -- Disposals, acquisitions, and exchanges -- Federal legislative jurisdiction -- Organization, administration, and budgeting policy -- Appendices."
          }
        ]
      }
    },
    {
      "530": {
        "ind1": "\\",
        "ind2": "\\",
        "subfields": [
          {
            "a": "Also available on the World Wide Web."
          }
        ]
      }
    },
    {
      "504": {
        "ind1": "\\",
        "ind2": "\\",
        "subfields": [
          {
            "a": "Includes bibliographical references."
          }
        ]
      }
    },
    {
      "520": {
        "ind1": "\\",
        "ind2": "\\",
        "subfields": [
          {
            "a": "Where and what are public lands? -- To whom the public lands are important -- Planning future public land use -- Public land policy and the environment -- Timber resources -- Range resources -- Mineral resources -- Water resources -- Fish and wildlife resources -- Intensive agriculture -- The Outer Continental Shelf -- Outdoor recreation -- Occupancy uses -- -Tax immunity -- Land grants to states -- Administrative procedures -- Trespass and disputed title -- Disposals, acquisitions, and exchanges -- Federal legislative jurisdiction -- Organization, administration, and budgeting policy -- Appendices."
          }
        ]
      }
    },
    {
      "650": {
        "ind1": "\\",
        "ind2": "0",
        "subfields": [
          {
            "a": "Public lands"
          },
          {
            "z": "United States."
          }
        ]
      }
    },
    {
      "650": {
        "ind1": "\\",
        "ind2": "0",
        "subfields": [
          {
            "a": "Public lands"
          },
          {
            "x": "Government policy"
          },
          {
            "z": "United States."
          }
        ]
      }
    },
    {
      "650": {
        "ind1": "\\",
        "ind2": "0",
        "subfields": [
          {
            "a": "Public lands"
          },
          {
            "z": "United States"
          },
          {
            "x": "Management."
          }
        ]
      }
    },
    {
      "650": {
        "ind1": "\\",
        "ind2": "7",
        "subfields": [
          {
            "a": "Public lands."
          },
          {
            "2": "fast"
          },
          {
            "0": "(OCoLC)fst01082573"
          }
        ]
      }
    },
    {
      "650": {
        "ind1": "\\",
        "ind2": "7",
        "subfields": [
          {
            "a": "Public lands"
          },
          {
            "x": "Government policy."
          },
          {
            "2": "fast"
          },
          {
            "0": "(OCoLC)fst01082585"
          }
        ]
      }
    },
    {
      "650": {
        "ind1": "\\",
        "ind2": "7",
        "subfields": [
          {
            "a": "Public lands"
          },
          {
            "x": "Management."
          },
          {
            "2": "fast"
          },
          {
            "0": "(OCoLC)fst01082591"
          }
        ]
      }
    },
    {
      "651": {
        "ind1": "\\",
        "ind2": "7",
        "subfields": [
          {
            "a": "United States."
          },
          {
            "2": "fast"
          },
          {
            "0": "(OCoLC)fst01204155"
          }
        ]
      }
    },
    {
      "776": {
        "ind1": "0",
        "ind2": "8",
        "subfields": [
          {
            "i": "Online version:"
          },
          {
            "a": "United States. Public Land Law Review Commission."
          },
          {
            "t": "One third of the Nation's land."
          },
          {
            "d": "Washington : [For sale by the Supt. of Docs., U.S. Govt. Print. Off.], 1970"
          },
          {
            "w": "(OCoLC)767853652"
          }
        ]
      }
    },
    {
      "856": {
        "ind1": "4",
        "ind2": "1",
        "subfields": [
          {
            "u": "http://hdl.handle.net/1957/11183"
          }
        ]
      }
    },
    {
      "994": {
        "ind1": "\\",
        "ind2": "\\",
        "subfields": [
          {
            "a": "Z0"
          },
          {
            "b": "NYRVC"
          }
        ]
      }
    },
    {
      "948": {
        "ind1": "\\",
        "ind2": "\\",
        "subfields": [
          {
            "h": "NO HOLDINGS IN NYRVC - 430 OTHER HOLDINGS"
          }
        ]
      }
    },
    {
      "999": {
        "ind1": "\\",
        "ind2": "\\",
        "subfields": [
          {
            "a": "00000000015342"
          }
        ]
      }
    }
  ]
}